4222 5432
644 1377 730 1456 De
770 1387 880 1456 arte
919 1377 1175 1478 Aeschyli
1212 1383 1471 1456 rhetor-ica

307 1966 542 2082 Artificiosaru
574 2001 805 2100 eloquentiam,
837 1979 935 2102 quam
962 2014 1110 2080 rhetorici
1140 2015 1187 2082 illi
1219 2016 1364 2082 doctores
1392 2016 1638 2102 profitebantur,
1673 2017 1729 2082 ubi
1758 2017 1895 2103 primum

219 2129 333 2192 florere
357 2126 462 2214 eoepit
482 2127 515 2192 in
535 2125 688 2208 Grmeia,
716 2145 775 2212 per
803 2145 913 2190 omnes
942 2125 1091 2212 deinceps
1111 2126 1289 2192 litterarum
1310 2131 1418 2210 partes
1441 2131 1565 2192 constat
1585 2145 1742 2192 manasse.
1785 2127 1894 2212 Atque

218 2238 252 2302 in
272 2237 455 2324 tragoedias
475 2219 675 2322 tranemlisse
688 2236 808 2322 primus
829 2255 901 2300 eam
922 2233 1036 2300 dieitur
1050 2234 1221 2321 Euripides
1237 2235 1280 2316 (v.
1295 2233 1485 2321 Bernhardy
1506 2235 1583 2302 Litt
1605 2256 1712 2322 graec.
1727 2237 1800 2303 hist.
1822 2237 1894 2302 den.
1968 2247 1979 2262 “

219 2347 270 2414 ed.
290 2352 312 2410 t.
334 2346 384 2428 11,
406 2347 426 2410 2
447 2367 478 2432 p.
499 2346 559 2410 371
584 2350 655 2430 sq).
700 2345 772 2420 Quo
793 2351 901 2410 tamen
922 2345 956 2410 in
976 2365 1096 2432 genere
1112 2346 1182 2429 jam
1197 2342 1389 2435 Sophoclem
1410 2365 1482 2408 esee
1504 2345 1737 2430 quodammodo
1760 2347 1895 2412 eandem

219 2457 374 2522 rationem
397 2461 541 2524 secutum
563 2475 635 2520 oum
657 2454 827 2520 ostendere
847 2475 942 2542 posse
963 2453 1042 2520 mihi
1061 2455 1204 2536 viderer,
1226 2473 1411 2540 comparare
1433 2453 1503 2520 illos
1524 2454 1607 2522 inter
1628 2476 1664 2520 se
1686 2463 1720 2520 ot
1740 2463 1901 2542 qnantum-

218 2566 384 2652 ntriusque
411 2565 516 2651 poesis
549 2565 763 2630 contineretur
794 2563 955 2630 rhetorum
983 2565 1015 2630 vi
1044 2571 1077 2629 et
1103 2565 1234 2630 artificio
1262 2563 1429 2648 anquirere
1458 2565 1598 2628 animum
1620 2563 1740 2630 induxi.
1783 2565 1833 2632 Ao
1853 2586 1894 2630 ne

217 2675 413 2762 Aeschylum
435 2673 563 2760 quidem
584 2673 665 2738 adeo
686 2673 751 2738 vidi
772 2674 911 2740 caruisse
934 2673 1038 2740 studio
1052 2675 1264 2762 eloquentiae,
1286 2678 1404 2738 utnon
1426 2657 1598 2738 oritorism
1611 2674 1770 2759 quandam
1793 2681 1895 2740 artem

216 2789 250 2853 in
271 2785 445 2873 tragoediis
466 2783 650 2865 adhiberet,
679 2783 707 2848 ei
725 2783 829 2849 minus
850 2784 1091 2870 magistrorum,
1120 2784 1174 2870 qui
1200 2783 1349 2848 rhetorici
1377 2788 1548 2866 vocantu,
1575 2785 1718 2850 doctrina
1740 2783 1893 2865 eruditus,

217 2916 410 2984 quamquam
423 2895 549 2959 illorum
568 2893 776 2978 antiquissimi
790 2892 918 2958 (loraois
940 2901 1113 2982 praecepta
1134 2914 1229 2958 nosse
1251 2913 1325 2958 eum
1337 2893 1484 2976 arbitror,
1504 2900 1538 2958 at
1551 2895 1600 2959 sui
1615 2893 1735 2980 ingenii
1752 2893 1895 2958 sollertia

215 3006 371 3072 inductus.
417 3003 510 3079 Quod
528 3002 677 3090 quoniam
697 3003 743 3066 ita
765 3001 852 3085 feeit,
874 3008 910 3067 ut
931 3003 1023 3093 quasi
1043 3003 1127 3070 riam
1148 3003 1285 3068 muniret
1300 3003 1414 3068 ceteris
1433 3003 1537 3089 poetis
1558 3002 1697 3089 tragicis,
1720 3009 1892 3089 antequam

215 3115 393 3182 rhetoricae
414 3135 508 3178 usum
530 3111 742 3202 Sophocleum
772 3119 807 3178 et
826 3112 1034 3198 Euripideum
1063 3113 1219 3178 subtiliter
1240 3133 1466 3198 persequerer,
1489 3117 1592 3178 artem
1612 3111 1765 3200 Aeschyli
1785 3112 1893 3179 rheto-

213 3226 329 3307 ricam,
361 3222 467 3310 quoad
489 3224 560 3308 ejus
582 3223 651 3286 lieri
669 3229 795 3308 posset,
823 3223 1044 3288 illustrandam
1065 3222 1175 3313 putavi
1196 3241 1331 3306 eamque
1360 3221 1608 3309 disputationem
1629 3222 1708 3288 dues
1728 3223 1762 3288 in
1782 3228 1891 3308 partes

215 3333 322 3415 divisi,
345 3355 479 3420 quarum
499 3353 565 3396 una
581 3337 649 3414 est,
670 3353 752 3417 quae
775 3332 899 3398 ducitur
921 3333 962 3398 ab
984 3333 1182 3414 inventione,
1205 3332 1317 3412 altera,
1341 3352 1424 3416 quae
1446 3333 1487 3396 ad
1510 3333 1721 3397 elocutionem
1741 3332 1889 3417 pertinet.

212 3523 217 3532 ι
300 3443 487 3509 Iuventio
509 3442 683 3525 rhetorice,
706 3463 802 3530 quam
824 3463 895 3508 esse
916 3450 1032 3528 poetae
1051 3443 1163 3528 tragici
1184 3446 1309 3522 statuo,
1331 3441 1370 3506 iis
1392 3441 1629 3526 tragoediarum
1650 3439 1727 3505 loeis
1749 3441 1889 3506 maxirne

215 3555 368 3636 cernitur,
398 3553 454 3618 ubi
476 3551 619 3616 homines
641 3552 756 3638 quibus
776 3552 950 3618 rationibus
973 3553 1102 3617 adducti
1121 3551 1255 3616 iecerint
1276 3551 1396 3636 aliquid
1417 3557 1473 3614 aut
1492 3550 1608 3616 facturi
1629 3551 1692 3614 sint
1712 3559 1887 3636 exponunt.

214 3663 298 3730 Nam
320 3685 391 3730 eum
412 3661 509 3728 eiiieit
529 3668 644 3748 poeta,
667 3667 704 3725 ut
723 3661 923 3746 probabilem
940 3663 1075 3728 reddere
1095 3682 1186 3726 snam
1207 3661 1340 3748 quisque
1364 3681 1511 3742 oausam,
1532 3660 1785 3726 adamnanomm
1805 3661 1891 3726 infir·

214 3793 302 3838 mare
325 3794 362 3836 ae
383 3773 505 3837 diluere
527 3771 617 3835 nobis
639 3771 801 3853 videatur,
824 3769 993 3836 similitudo
1016 3773 1142 3837 exsistit
1166 3771 1294 3858 generis
1312 3771 1491 3854 judicialis,
1512 3772 1546 3835 in
1575 3792 1637 3856 quo
1658 3769 1798 3835 maxime
1820 3792 1892 3836 ver·

213 3884 278 3948 sari
305 3881 441 3948 rhetoris
469 3881 607 3946 officium
635 3886 762 3945 veteres
789 3882 956 3966 putabant.
998 3881 1043 3946 Et
1070 3879 1308 3967 antiquissimae
1330 3880 1459 3966 quidem
1481 3901 1607 3961 earum,
1636 3899 1719 3966 quae
1746 3880 1892 3966 integrae

214 4000 353 4076 exstant,
374 3990 528 4080 Aeschyli
543 3991 724 4056 fabularum
746 3990 863 4056 abeunt
876 3992 1034 4075 ejusmodi
1053 3992 1125 4073 loci,
1147 3991 1232 4076 quod
1253 4010 1317 4054 non
1338 3990 1532 4072 mirabimur,
1555 3990 1582 4054 si
1601 3989 1692 4054 illum
1713 3995 1796 4074 turn,
1819 4011 1892 4056 oum

214 4105 333 4170 Persas
353 4103 395 4168 ad
416 4123 544 4169 scenam
559 4100 745 4187 composuit,
767 4101 892 4186 exiguis
905 4102 1096 4187 quibusdam
1117 4101 1233 4168 finibus
1248 4099 1436 4166 terminasse
1458 4100 1534 4164 artis
1556 4119 1634 4164 suae
1655 4099 1785 4166 modum
1798 4079 1892 4185 repu-

212 4215 369 4297 tabimus3
403 4213 444 4277 of.
474 4213 610 4278 Teuffel.
642 4210 691 4274 ed.
721 4209 811 4274 Pers.
841 4233 872 4296 p.
894 4213 931 4294 8,
962 4232 1048 4277 num.
1081 4213 1108 4275 7.
1159 4211 1273 4296 Neque
1303 4210 1462 4276 inveneris
1492 4230 1563 4275 eam
1593 4209 1830 4276 similitudinem
1858 4213 1892 4278 in

212 4322 406 4390 Prometheo
437 4323 560 4404 vincto,
589 4342 686 4408 quam
711 4320 912 4408 tragoediam
940 4343 1005 4386 nou
1031 4328 1067 4385 ut
1094 4320 1333 4386 Seheemauuus
1364 4320 1573 4404 antiquiorem
1592 4319 1718 4402 Persis,
1748 4329 1888 4388 atcerte

211 4433 391 4522 proximam
412 4433 569 4498 existimo.
613 4432 678 4496 Sed
699 4432 731 4496 in
744 4432 875 4520 Septem
897 4431 1050 4496 adversm
1065 4430 1194 4495 Thebas
1215 4429 1317 4496 habes
1332 4435 1477 4496 extrema
1488 4435 1580 4517 parte
1593 4451 1643 4496 rs.
1658 4429 1889 4518 989—1038*)

284 4673 311 4738 *)
328 4672 474 4756 ,Hermanui
491 4687 573 4722 veram
592 4676 651 4720 sunt
669 4675 695 4720 rt
712 4671 773 4722 ordo
791 4669 993 4738 argueremu-

1640 4700 1687 4813 js
