4222 5432
1064 287 1089 370 ὅ

319 488 413 564 Quod
435 489 462 554 sl
484 490 662 575 quaeritur,
694 489 807 577 quibus
838 489 959 556 artibus
987 511 1024 555 ao
1053 488 1154 556 modis
1183 491 1384 555 contincatur
1405 489 1558 576 Aeschyli
1584 491 1726 557 inventio
1747 489 1915 572 rhetorica,

232 617 297 664 non
318 617 391 664 ease
412 603 529 685 poetae
550 598 657 685 legem
679 600 839 685 quandam
863 607 982 668 certam
999 593 1045 666 ¹ct
1071 597 1234 664 definitam
1264 603 1414 684 apparet,
1445 599 1486 664 ad
1516 619 1611 686 qnam
1640 601 1769 696 singula
1796 597 1919 687 possint

232 707 384 775 revocari.
426 707 495 774 Nec
517 715 626 774 tamen
645 709 962 796 praetermittendum
984 709 1153 796 putabam,
1189 729 1261 774 oum
1289 707 1368 772 illud
1399 709 1527 793 qhidem
1547 707 1709 776 rideretur
1729 711 1799 776 11111
1819 731 1915 796 posse

231 836 338 906 neque
370 817 509 884 alienum
539 839 611 884 esse
633 839 723 902 arc,
757 810 832 906 quirl
854 820 1012 905 quomodo
1034 817 1131 884 aninsi
1152 817 1320 884 affectibus
1350 839 1428 883 usus
1462 825 1550 885 esset
1579 841 1740 908 exponere
1772 839 1915 886 conarer.

230 923 306 996 Duo
342 935 417 994 snut
462 949 573 994 eorum
618 948 737 1016 genera
774 931 816 1014 (r.
849 927 913 995 (111.
952 920 1007 995 Or.
1053 929 1112 1012 37,
1160 929 1250 1011 128),
1300 927 1452 1010 abarum,
1506 932 1590 1016 quod
1636 931 1753 998 Graeci
1800 927 1920 1015 1111111
1973 989 1993 998 ..

231 1039 406 1120 vocabant,
447 1039 488 1104 111
523 1061 586 1126 quo
623 1039 753 1126 egregie
790 1061 892 1125 nuper
931 1040 966 1105 0.
1006 1039 1044 1106 L.
1083 1039 1220 1104 Rothins
1256 1037 1430 1124 disputavit
1465 1040 1497 1103 in
1537 1041 1619 1106 Nos.
1660 1042 1766 1106 annal.
1806 1039 1916 1125 philol.

229 1147 431 1216 Fleckeisen.
463 1151 486 1214 t.
519 1147 641 1214 xom.
674 1171 705 1236 p.
737 1151 920 1215 855-’880
953 1147 1006 1232 (cl.
1037 1149 1192 1236 Spengel.¹
1218 1150 1254 1214 in
1282 1147 1414 1214 Aristot.
1444 1149 1541 1216 Rhet.
1573 1151 1623 1216 ed.
1649 1152 1738 1238 Lips.
1764 1171 1792 1214 a.
1820 1150 1912 1215 18117.

232 1265 254 1324 1.
282 1259 325 1326 Π.
354 1279 386 1345 p.
415 1259 511 1344 248),
540 1259 676 1324 altarum
705 1257 791 1345 quod
819 1255 1011 1345 παθητικόν
1039 1257 1255 1324 nominabant.
1303 1258 1352 1324 Ac
1388 1259 1514 1324 ridetur
1534 1265 1706 1348 utrumque
1735 1259 1914 1345 Aeschylus

231 1370 424 1436 adhibuisse.
468 1369 515 1434 Ut
537 1365 622 1453 iidoc
645 1370 756 1454 opinor
776 1389 934 1434 summum
955 1369 1055 1434 luisse
1075 1367 1109 1433 in
1130 1367 1267 1434 Veneris
1290 1367 1414 1452 verbis,
1447 1369 1562 1454 quibus
1583 1369 1723 1457 Argivos
1746 1370 1915 1436 commouit

231 1481 273 1546 ad
294 1479 492 1544 liberandam
510 1479 632 1564 J‘udicio
652 1475 962 1564 Hypermestram
992 1476 1054 1544 dea
1075 1479 1175 1560 enim,
1207 1499 1279 1542 oum
1301 1478 1496 1564 redarguere
1524 1499 1588 1544 non
1609 1487 1720 1566 posset
1741 1480 1916 1544 orationem

228 1589 351 1670 Danai,
374 1587 507 1654 deduxit
528 1589 650 1653 animos
672 1608 693 1652 a
713 1586 843 1652 crimine
865 1595 898 1653 et
918 1589 960 1653 ad
982 1607 1100 1653 numen
1122 1609 1214 1652 suum
1236 1587 1395 1669 traduxit,
1419 1593 1455 1652 ut
1472 1589 1608 1672 judices,
1633 1589 1688 1674 qui
1710 1596 1743 1655 et
1762 1590 1825 1676 ipsi
1843 1590 1913 1673 jam

230 1699 346 1764 amoris
378 1697 444 1763 rim
475 1699 601 1784 experti
631 1701 755 1780 essent,
789 1697 889 1763 verba
917 1699 999 1764 deae
1032 1698 1097 1764 suis
1126 1697 1286 1762 mentibus
1316 1697 1512 1783 respondere
1537 1699 1702 1765 sentirent.
1747 1699 1798 1765 cf.
1830 1717 1913 1783 quae

228 1807 420 1894 Spengelins
441 1807 525 1892 dicit,
548 1825 619 1872 oum
642 1812 770 1872 enarrat
791 1827 848 1889 eo,
870 1829 967 1894 quem
988 1809 1091 1890 attuli,
1113 1809 1182 1872 loco
1203 1806 1385 1872 Aristotelis
1405 1807 1521 1872 rerba:
1546 1808 1711 1894 ,Ipsorum
1733 1808 1913 1874 auditorum
1952 1873 1959 1885 ,

229 1917 370 1982 indolem
382 1924 542 1982 oratorem
563 1921 763 2002 perspectam
779 1919 1002 2004 cognitamque
1024 1923 1135 1982 tenere
1156 1937 1288 1982 neccsse
1316 1923 1377 1999 cst,
1398 1939 1460 2002 quo
1483 1917 1608 1984 facilius
1623 1919 1766 1984 oratione
1789 1935 1913 1982 accom-

227 2027 358 2092 modata
389 2025 431 2091 ad
459 2024 585 2092 illorum
617 2027 738 2092 animos
767 2029 851 2092 riam
873 2027 934 2092 sibi
962 2029 1115 2092 muniat.“
1158 2022 1342 2113 Priamique
1363 2027 1441 2092 item
1460 2035 1539 2113 puto
1562 2029 1704 2126 viguisse
1726 2025 1911 2115 admirabile

228 2136 388 2222 quoddam
418 2132 502 2222 ἦθος
532 2136 566 2200 11
594 2156 649 2219 ea,
680 2155 775 2223 quam
798 2129 982 2222 supradixi
1004 2138 1163 2216 oratione,
1195 2135 1311 2222 quippe
1334 2157 1415 2221 qua,
1443 2157 1516 2202 cum
1537 2137 1698 2204 Achillem
1719 2135 1912 2202 admonebat

226 2243 319 2314 Pelei
339 2245 439 2330 patris
460 2245 493 2309 et
515 2245 688 2311 communis
710 2267 817 2311 rerum
836 2245 1048 2312 humanarum
1068 2245 1270 2326 condicionis,
1292 2247 1477 2332 perficeret,
1497 2251 1533 2310 ut
1553 2247 1607 2312 ille
1628 2249 1791 2333 pietatem,
1813 2265 1909 2331 quam

227 2355 298 2440 lpse
319 2375 398 2442 erga
417 2361 543 2442 patrem
566 2362 785 2437 conservaret,
815 2357 982 2442 aequalem
1011 2377 1083 2422 esso
1111 2361 1317 2441 cognosceret
1345 2355 1466 2419 Priami
1494 2357 1579 2420 senia
1609 2357 1642 2420 in
1670 2345 1769 2422 filium
1790 2353 1913 2442 pietati.

227 2463 278 2530 Ol.
298 2461 430 2530 Aristot.
452 2463 598 2546 Rheti,
622 2467 660 2549 83
689 2464 733 2548 11,
757 2467 797 2531 13
819 2467 872 2532 liu.
915 2464 1037 2544 Πόθος
1058 2469 1167 2530 autem
1188 2463 1287 2528 habet
1309 2463 1584 2550 Clytaemestrae
1606 2465 1685 2531 illud
1705 2467 1739 2530 in
1762 2461 1906 2549 Ohoeph.

227 2594 278 2640 vv.
301 2573 364 2638 884
392 2595 477 2660 sqq.,
505 2593 601 2659 quam
630 2596 701 2640 cum
729 2575 914 2662 aggreditur
941 2575 1028 2640 ferro
1056 2573 1188 2640 Orestes
1215 2593 1337 2658 poenas
1369 2574 1470 2660 patris
1499 2574 1649 2639 trucidati
1675 2579 1912 2661 persecuturus,

224 2683 322 2772 jubet
342 2679 442 2748 illlum
463 2681 568 2749 vereri
588 2703 777 2768 mammam,
800 2685 892 2771 cujus
914 2685 956 2750 sit
976 2686 1059 2750 lacte
1079 2684 1232 2750 nutritus:

667 2796 818 2880 ἐπίσχες,
839 2792 873 2861 11
884 2807 951 2860 παῖ
956 2843 969 2878 ,
989 2793 1085 2860 τόνδε
1106 2791 1137 2859 d’
1158 2792 1310 2876 αἴδεσαι,
1333 2796 1460 2876 τέκνον,

667 2905 815 2989 μαστόν,
835 2905 919 2990 πρὸς
940 2901 966 2992 ᾧ
988 2903 1161 2970 1111111111
1182 2901 1223 2988 δὴ
1245 2904 1363 2988 βρίζων
1385 2901 1457 2985 ἅμα

667 3013 816 3080 οὔλοισιν
836 3013 1014 3099 ἐξήμελξας
1036 3011 1189 3100 accesere
1209 3009 1307 3094 γάλα·

228 3143 291 3210 quo
313 3124 365 3204 lit,
397 3115 434 3188 ut
454 3141 611 3210 peragere
633 3125 719 3209 qnod
744 3121 804 3189 sibi
832 3124 997 3210 proposuit
1025 3122 1149 3190 dubitet
1177 3121 1247 3205 ille,
1278 3141 1377 3208 quare
1412 3121 1547 3188 consulit
1582 3120 1771 3186 familiarem
1798 3135 1909 3182 suum:

229 3231 391 3318 Πυλάδη,
413 3237 447 3299 cl
467 3231 597 3318 δράσω,
617 3233 728 3321 μητέρ’
749 3233 898 3300 attacta
916 3245 1065 3316 κτανετνς
1087 3231 1140 3297 Ex
1162 3252 1224 3318 quo
1247 3251 1366 3318 genere
1389 3237 1439 3298 est
1461 3231 1558 3296 etiam
1578 3229 1671 3312 illud,
1695 3228 1779 3316 quod
1800 3222 1907 3296 Danai

228 3343 310 3408 filias
331 3344 490 3430 Pelasgo,
518 3365 591 3410 cum
617 3343 757 3410 haesitet
782 3343 928 3430 precibus
958 3344 1077 3408 frustra
1099 3343 1271 3429 fatigatus,
1301 3341 1444 3406 diceutes
1465 3341 1577 3426 Suppl.
1596 3361 1627 3406 11.
1648 3342 1713 3404 448
1745 3337 1908 3420 audimus3

227 3451 417 3538 profitentur
437 3454 539 3536 enim,
571 3454 632 3520 nisi
650 3453 811 3541 praesidio
832 3453 893 3518 sihi
915 3453 1013 3518 luerit
1032 3451 1085 3516 ille
1108 3458 1217 3516 contra
1237 3451 1381 3537 Aegypti
1402 3451 1501 3531 filios,
1530 3449 1617 3532 lore,
1646 3456 1684 3514 ut
1711 3449 1909 3535 suspendant

228 3581 263 3626 sa
294 3551 342 3625 de
362 3561 538 3627 simulacris
567 3564 717 3646 deorum,
752 3585 813 3649 quo
845 3563 925 3628 adeo
954 3562 1136 3647 percutiunt
1174 3553 1259 3650 'ragis
1289 3561 1429 3625 animum
1458 3558 1617 3646 (ἤκουσα,
1650 3559 1754 3645 inquit
1777 3581 1809 3623 v.
1835 3559 1909 3638 449,

228 3669 431 3757 maceriem
452 3671 590 3756 καρδίας
610 3671 735 3759 λόγον),
757 3679 793 3738 ut
805 3671 1037 3758 Aegyptiorum
1061 3671 1148 3736 bello
1168 3691 1233 3736 non
1255 3670 1391 3756 amplius
1413 3671 1588 3735 detrectato
1604 3670 1745 3756 virgines
1765 3666 1907 3734 inlidem

227 3799 319 3850 suam
340 3777 482 3866 accipiat.
959 3787 967 3806 ⁶
988 3819 993 3828 ·
1820 3835 1828 3857 ,

313 3887 415 3970 Nunc,
437 3887 585 3974 quoniam
597 3890 811 3956 inventionem
832 3891 983 3977 percurri,
1007 3889 1175 3954 dicendum
1190 3889 1367 3954 accuratius
1390 3894 1440 3954 est
1460 3889 1501 3954 de
1523 3889 1768 3954 elocutione.
1813 3887 1904 3961 Quae

228 3998 400 4084 disputatio
414 3999 532 4084 etipsa
548 3997 775 4084 bipertitaest:
796 4001 943 4084 primum,
966 4000 1080 4084 quibus
1101 3998 1135 4064 in
1156 3998 1327 4084 generibus
1343 4005 1489 4064 versatur
1504 3998 1651 4079 elocutio,
1673 3997 1800 4078 deinde,
1823 4016 1905 4081 quae

228 4108 270 4173 sit
290 4105 361 4193 ejus
385 4108 533 4195 dignitas,
556 4107 741 4194 explicetur.
785 4107 834 4172 Ac
855 4127 1012 4194 genera
1033 4109 1162 4194 quidem
1176 4108 1327 4172 orationis
1350 4109 1391 4173 1111
1412 4108 1516 4174 varim
1537 4106 1702 4172 hominum
1724 4113 1757 4172 ct
1779 4105 1905 4172 ordines

228 4223 261 4285 et
283 4239 388 4283 mores
404 4216 511 4302 aliqua
526 4239 568 4282 ex
581 4221 673 4301 parte
695 4217 736 4282 ab
751 4217 913 4304 Aeschylo
935 4239 1006 4298 esse
1025 4218 1271 4299 accommodata,
1294 4219 1484 4283 nesactium
1502 4223 1669 4304 poetarum
1681 4216 1906 4304 sagacissimus

227 4327 281 4393 ille
310 4326 498 4412 Lessingius
523 4327 705 4414 perspexit,
739 4327 793 4414 qui
822 4327 980 4413 quondam
1009 4327 1135 4414 scripsit
1162 4327 1242 4392 haec
1270 4327 1371 4410 (edita
1401 4321 1664 4394 aFuellebornio
1691 4327 1725 4390 in
1746 4325 1907 4412 Lessingii

227 4435 294 4500 Vlt.
315 4441 338 4498 t.
361 4435 420 4500 ΠΙ.
448 4457 481 4521 p.
503 4435 564 4500 251
596 4437 878 4524 „Philologiscdcr
905 4439 1097 4514 Nachloss“,
1125 4437 1263 4523 repetite
1290 4438 1323 4502 in
1352 4438 1494 4524 Operum
1523 4435 1664 4502 omnium
1691 4433 1743 4500 etl.
1773 4432 1906 4502 Lachm.

226 4551 251 4608 t.
271 4543 332 4610 XI.
353 4567 385 4630 p.
408 4545 501 4628 691):
535 4547 614 4630 „let
637 4549 715 4610 habe
736 4552 794 4611 den
805 4551 1024 4634 Agamemnon
1043 4548 1290 4630 desAeschyloa
1311 4551 1437 4634 gelesen
1460 4550 1525 4609 und
1536 4548 1698 4633 folgende
1707 4546 1907 4611 1111111111-

226 4679 290 4748 5012
320 4659 462 4719 darsi'ber
490 4651 655 4743 gemacht:
686 4661 773 4725 ..So
801 4659 978 4744 cebsdrmig
1007 4663 1062 4720 der
1090 4659 1263 4723 Assaraci
1284 4661 1340 4722 1111
1360 4658 1544 4742 Aeschylus
1567 4660 1625 4735 ist,
1655 4659 1721 4720 arud
1741 4679 1778 4720 ao
1801 4659 1907 4742 menig
