4222 5432
1043 305 1148 384 7„

217 509 258 574 de
286 507 458 574 Persarum
486 505 724 572 interfectorum
753 506 936 592 corporibus
963 505 1027 570 illic
1051 505 1218 590 nantibus,
1249 507 1418 584 ,ἂλιιέέελε
1442 507 1678 592 Tonjbrbnng“
1701 505 1892 589 Teuffelius)

217 619 280 683 304
302 639 360 703 sq.,
382 617 523 702 σκληροῖς
542 621 691 699 μέτοικος
712 616 769 700 γής
791 615 858 680 inst
877 619 1062 704 κατέφθιτο
1084 615 1162 698 314,
1192 615 1380 704 quibuscum
1409 615 1555 681 conseras
1575 615 1660 702 quod
1680 635 1797 702 praeco
1817 635 1890 680 cum

216 728 391 793 acerbitate
413 727 488 791 dicit
509 725 572 812 Ag.
595 725 656 789 637
678 721 806 811 δρῶμεν
828 725 961 791 viscosa
981 725 1126 808 πέλαγος
1146 727 1290 807 Λέναέον
1310 738 1444 810 νεκροῖς.
1488 723 1683 792 Festiritatis
1703 726 1799 790 etiam
1822 731 1889 790 stu·

216 837 303 902 dium
325 843 392 919 est,
416 857 487 901 oum
509 835 669 922 oxymoris
689 841 821 902 utuntur
842 841 876 900 et
897 835 1063 900 excubitor
1085 838 1105 900 2
1128 837 1314 924 φρουρᾶς..
1345 837 1385 921 ήν
1412 832 1633 919 κοιμώμενος,
1665 834 1701 900 11
1735 834 1890 917 γυναικός

216 945 479 1030 ἀνδρόβουλον..
501 947 604 1031 κέαρ,
622 945 663 1009 12
683 943 983 1026 νυκτίπλαγκτον..
1006 943 1126 1029 εύνήν,
1147 947 1185 1008 21
1209 941 1374 1032 ὀρφναίου
1395 944 1512 1029 πιιρδς,
1534 945 1576 1010 22
1597 945 1752 1032 λαμπτήρ
1772 944 1890 1021 νυκτδς

221 1053 396 1142 ήμερήσιον
417 1053 504 1144 φάος
525 1053 725 1143 πιφαύσκων
746 1059 779 1118 et
799 1073 914 1139 praeco
937 1053 1000 1118 500
1023 1056 1094 1141 φῶς
1114 1055 1152 1119 έν
1170 1051 1335 1146 εδφρδνρ,
1357 1055 1420 1118 525
1438 1053 1550 1120 πόθεν
1570 1054 1607 1120 εδ
1629 1054 1780 1144 δύσφρον
1800 1051 1890 1119 τούτ’

215 1167 301 1250 έπήν
323 1165 439 1248 στύγος
460 1166 608 1254 φρενοῦν,
630 1165 693 1228 623
713 1164 846 1228 παιᾶνα
866 1161 956 1227 τόνδ’
974 1161 1149 1246 Ἐρινύων,
1170 1162 1226 1228 ubi
1247 1163 1375 1248 θρήνου
1395 1165 1501 1249 potius
1523 1163 1770 1251 exspectaveris.
1815 1161 1890 1228 Jam

214 1277 293 1342 illud
313 1276 441 1362 quidem
469 1275 672 1361 perspicuum
704 1279 771 1354 est,
801 1269 1014 1356 Aeschylum,
1046 1277 1083 1337 ut
1114 1271 1147 1337 iu
1169 1272 1326 1357 ejusmodi
1356 1275 1502 1358 personis
1533 1274 1575 1338 ad
1605 1275 1773 1340 ueritatem
1804 1273 1890 1338 ritae

215 1388 415 1473 aliquatenus
448 1385 631 1465 accederet,
660 1382 844 1448 adhibuisse
872 1401 1099 1468 nonnunquam
1126 1382 1303 1448 orationem
1330 1379 1549 1447 inconcinnam
1576 1389 1672 1468 atquo
1694 1383 1889 1470 impeditum.

214 1495 268 1562 Au
282 1497 413 1561 iormito
427 1495 547 1560 factum
559 1501 665 1580 putas,
688 1497 725 1556 ut
740 1489 913 1572 enuntiata,
936 1511 1019 1575 quae
1039 1511 1102 1557 uon
1124 1499 1303 1576 congruunt
1316 1489 1398 1555 iuter
1420 1513 1465 1573 sc,
1488 1491 1665 1556 excubitori
1687 1493 1779 1558 daret
1791 1491 1888 1576 Ago

215 1604 381 1690 (ἀστέρας,
403 1603 485 1668 δταν
506 1605 687 1692 φδένιοσιν,
707 1597 850 1676 deroldo
870 1621 906 1664 τε
926 1601 1005 1684 τῶν)
1028 1605 1060 1665 et
1080 1601 1195 1670 numici
1214 1599 1272 1665 uh.
1296 1600 1358 1664 724
1380 1623 1459 1688 sqq,
1481 1600 1672 1666 anacolutha
1693 1600 1739 1666 illi
1760 1600 1824 1688 Ag.
1848 1601 1888 1665 12

213 1737 302 1801 sqq,
330 1715 481 1799 praeconi
509 1715 572 1778 533
597 1734 665 1798 sqq.
694 1709 876 1797 (,apodosis
905 1709 1013 1793 deest,
1047 1731 1129 1797 quae
1160 1709 1319 1775 reseratur
1340 1711 1382 1776 od
1403 1713 1433 1776 sl
1452 1711 1596 1794 λέγοιμι,
1624 1717 1661 1775 ut
1688 1711 1721 1776 in
1742 1731 1888 1776 sermone

214 1823 381 1888 familiarl“
404 1821 546 1906 Hem),
570 1823 629 1887 541
655 1843 722 1908 sqq.
746 1819 932 1909 („die1ledc
955 1825 996 1883 ist
1019 1823 1117 1883 λιταυε
1140 1824 1205 1882 aad
1225 1821 1315 1906 τελεῖς
1335 1823 1474 1906 gedaut“
1496 1818 1752 1902 Schneidewin),
1774 1821 1889 1886 nutrici

214 1933 272 1999 Ch.
296 1934 357 1997 736
380 1933 472 2018 sqq?
515 1931 565 1997 cf.
587 1919 797 2016 llambergcr.
818 1949 851 2015 p.
864 1931 905 1995 23
919 1951 988 2016 sqq.
1011 1927 1179 1995 etHartzii
1196 1930 1323 1996 dissert.
1345 1931 1386 1994 de
1409 1928 1606 1995 anacoluthis
1619 1929 1704 2016 apud
1718 1928 1835 1994 Aesch.
1858 1937 1891 1994 ct

214 2043 312 2130 Soph.
334 2041 384 2107 ed.
406 2041 512 2106 Berol.
535 2061 564 2104 a.
588 2041 681 2106 1856.
700 2061 732 2125 p.
757 2042 809 2104 34.
852 2037 1020 2104 Accedunt
1040 2059 1134 2104 voces
1157 2039 1328 2104 enuntiatis
1350 2039 1550 2122 iuterJootae,
1571 2043 1609 2102 ut
1628 2038 1783 2103 nutricem
1798 2038 1888 2103 audis

214 2151 273 2218 eh.
296 2153 359 2216 740
380 2173 426 2237 sq.
456 2150 494 2215 τδ
523 2149 568 2235 μή
591 2151 738 2238 φρονούν
766 2149 829 2235 γὰρ
857 2145 998 2233 ούσπερεέ
1026 2149 1126 2232 βοτὸν
1154 2152 1287 2237 τρέφειν
1318 2147 1464 2234 α’νύγκή,
1495 2149 1568 2224 πούς
1588 2148 1650 2233 reip
1682 2147 1739 2231 ού,
1770 2146 1882 2234 τρύπφ

215 2261 354 2346 φρενός,
388 2262 449 2325 745
471 2281 518 2346 sq.
539 2257 665 2324 τούτων
692 2257 876 2344 πρύμαντις
898 2254 1003 2341 ούσα,
1035 2258 1144 2323 πολλοὶ
1171 2258 1221 2340 δ’,
1250 2261 1384 2341 οἴομαι,
1413 2263 1623 2347 ψευσθεῖσα,
1654 2262 1688 2322 et
1708 2257 1763 2322 ille
1782 2257 1887 2342 vigilis

215 2371 405 2438 exclamatio
427 2367 490 2455 hg.
513 2369 555 2433 22
577 2369 651 2450 lud,
672 2369 726 2433 lori
747 2369 921 2452 („Aasrus
934 2373 990 2432 der
1011 2371 1151 2446 Frende,
1174 2373 1229 2431 der
1252 2367 1413 2452 i'ragridie
1425 2370 1539 2450 fremui
1545 2417 1552 2445 ,
1575 2370 1644 2430 hier
1662 2372 1804 2451 possead
1823 2371 1889 2430 dem

218 2481 364 2544 Wir'clslcr
395 2484 427 2541 εἰι
457 2485 515 2542 den
543 2480 648 2542 Mami
667 2481 792 2564 gelegt,
825 2483 880 2542 der
902 2479 1143 2541 unwillluirlr'cb
1166 2483 1197 2540 r'n
1224 2481 1283 2540 den
1306 2482 1338 2540 r'n
1364 2481 1420 2540 der
1440 2479 1681 2563 gewdlsuliolseu
1707 2479 1891 2564 Umgangs·

214 2591 349 2674 sporacio
373 2589 514 2651 ubb'ctcn
538 2590 749 2669 fraudemus
764 2587 949 2651 austrictt“
970 2585 1055 2653 Rob.
1070 2587 1203 2672 linger.)
1247 2586 1332 2661 Quid
1346 2585 1448 2651 dicum
1471 2587 1511 2652 de
1523 2586 1666 2652 oratione
1686 2588 1772 2652 ultra
1794 2608 1890 2674 quam
1914 2596 1918 2602 ’

182 2745 188 2753 -
214 2679 340 2785 oporlet
360 2697 458 2764 fusa?
480 2717 656 2783 quaecum
677 2697 719 2762 sit
739 2697 808 2761 lere
829 2693 995 2760 hominum
1015 2694 1191 2760 humilioris
1214 2695 1422 2778 condicionis,
1446 2694 1617 2782 diligenter
1638 2696 1774 2763 eandem
1794 2703 1892 2783 pocta

213 2810 247 2874 iu
275 2807 472 2873 sermonibus
501 2827 539 2871 ac
567 2806 707 2871 moribus
736 2805 862 2870 illorum
889 2805 1105 2870 describendis
1134 2811 1344 2872 consectatur.
1386 2805 1472 2870 Hinc
1500 2805 1678 2871 sententiae
1706 2813 1891 2889 nascuntur,

216 2939 351 3004 quarum
380 2915 615 2981 amantissimus
646 2935 763 3000 praeco
792 2922 842 2980 est
870 2914 944 2998 (531
974 2935 1021 2999 sq.
1050 2915 1112 2979 548
1134 2937 1181 3001 sq.
1209 2917 1272 2980 598
1295 2938 1342 3001 sq.
1371 2915 1585 3000 614-625),
1610 2913 1685 2980 hinc
1711 2917 1890 3002 pleonasmi

217 3026 410 3094 excubitoris
441 3025 458 3090 l
488 3045 534 3110 sq.
565 3023 662 3089 saro‘
691 3023 892 3108 ἀπαλλαγήν
918 3021 1052 3104 πόντον,
1082 3025 1230 3111 φρουροῖς
1259 3025 1367 3103 έτεέας
1394 3027 1495 3112 μήτιος
1526 3026 1627 3108 („dem
1658 3030 1891 3090 unbcstimmecn

216 3135 320 3203 τοῖνδε
341 3136 466 3199 celticis!
487 3139 543 3198 der
567 3135 713 3197 Wc'iclster
734 3139 782 3197 dis
804 3137 922 3198 addere
936 3133 1128 3218 Erlrlcirung
1149 3135 1241 3212 παεΙι,
1266 3139 1325 3198 wie
1346 3161 1381 3198 cr
1403 3141 1435 3198 in
1457 3137 1788 3222 uollrsmc'issr'gcrdrt
1809 3141 1894 3200 εειίιε

216 3247 408 3313 Ausdrriolc
429 3269 509 3330 geru
531 3247 584 3306 ιέεε
605 3247 751 3307 Breitcrn
773 3247 947 3328 erli‘eutert,
970 3245 1036 3329 ugl.
1058 3243 1088 3306 7.
1110 3243 1139 3306 9.
1164 3244 1222 3307 10“
1246 3242 1501 3327 Schneidewin),
1533 3247 1574 3309 39
1595 3247 1768 3329 periodum
1788 3243 1894 3329 αύδιύ,

218 3357 279 3424 κού
296 3357 448 3441 μαθούσι
462 3351 624 3439 λήθομαι,
641 3353 713 3418 hinc
726 3355 863 3440 repetita
879 3375 899 3418 a
916 3373 1073 3440 praecone
1086 3352 1240 3416 vocabula
1261 3355 1334 3420 481.
1349 3354 1411 3418 col
1430 3351 1449 3418 d
1465 3353 1600 3431 Πύθιός
1616 3353 1645 3419 τ’
1661 3353 1749 3433 ἄναξ
1758 3391 1797 3404 -
1807 3353 1894 3433 ἅναξ

212 3463 400 3546 Ἄπολλον,
427 3465 499 3531 616.
522 3465 585 3530 618
604 3464 688 3530 ύταν
708 3463 739 3528 δ’
759 3463 909 3529 docuero?
931 3459 1057 3548 πήματ’
1076 3461 1212 3544 ἄγγελος
1231 3459 1364 3528 πόλει..
1396 3467 1498 3556 φέρῃ,
1527 3461 1623 3530 πόλει
1651 3469 1714 3548 μὲν
1742 3465 1834 3542 έλκος
1856 3470 1893 3530 έν

220 3575 257 3640 τό
279 3572 400 3660 δήμιον
419 3587 540 3657 τυχεῖν,
562 3577 626 3639 640
645 3597 692 3661 sq.
716 3571 787 3659 ήτοι
807 3595 875 3652 τις
896 3571 1070 3659 ἐξέκλεψεν
1091 3569 1112 3656 ή
1132 3569 1302 3663 ’ξήρήσατο
1319 3571 1399 3649 θεός
1420 3598 1487 3650 τις
1508 3575 1600 3658 (,,ιιιι“ι
1617 3599 1723 3638 nouem
1735 3577 1894 3658 Anians“

219 3683 481 3766 Schneidewin.);
514 3691 548 3748 at
576 3691 729 3768 quautam
760 3683 931 3748 verborum
961 3679 1083 3767 copiam
1110 3681 1197 3746 idem
1225 3683 1287 3748 636
1309 3703 1377 3768 sqq.
1407 3683 1564 3746 consumit
1588 3683 1622 3746 in
1648 3683 1836 3749 illustranda
1864 3685 1896 3749 vi

219 3791 430 3880 tempestatis,
453 3813 535 3877 quae
551 3791 748 3858 Graecorum
769 3807 867 3857 naves
890 3791 1020 3857 afflixitl
1041 3787 1045 3797 ’
1063 3790 1303 3857 Nobilissimum
1317 3797 1425 3856 autem
1444 3791 1543 3876 hujus
1564 3791 1764 3878 loquacitatis
1786 3813 1895 3861 exem·

220 3903 309 3989 plum
332 3908 439 3967 exstat
460 3903 567 3966 nutrix
590 3902 725 3984 Orestis,
748 3923 843 3988 quam
867 3923 939 3966 cum
974 3901 1136 3982 audimus,
1159 3903 1209 3966 cui
1230 3921 1293 3965 nou
1315 3901 1347 3965 iu
1368 3908 1508 3966 mentem
1529 3902 1618 3967 veuit
1647 3903 1730 3967 illius
1754 3903 1896 3986 nutricis,

223 4033 319 4097 quam
342 4033 485 4076 summus
505 4009 731 4076 Britannorum
752 4017 848 4097 poeta
870 4011 912 4075 ad
933 4016 1080 4075 naturam
1102 4011 1231 4076 mirifice
1253 4030 1438 4096 expressam
1461 4010 1610 4096 adjunxit
1629 4010 1744 4097 uirgini
1765 4009 1897 4078 duliae?

222 4121 308 4186 Satis
330 4121 483 4202 multum,
507 4121 635 4206 opinor,
658 4120 754 4186 distat
775 4120 807 4184 id
829 4141 948 4206 genus,
978 4120 1082 4206 quoad
1104 4119 1230 4204 legibus
1253 4120 1437 4206 tragoediae
1459 4120 1621 4202 conuenit,
1642 4121 1684 4184 eb
1705 4120 1839 4186 heroum
1860 4143 1898 4190 ac

222 4229 356 4294 deorum
378 4229 572 4312 elocutione,
601 4229 634 4294 in
655 4250 718 4316 qua
740 4225 835 4310 ὄγκος
854 4229 909 4294 illc
931 4229 1131 4314 Aeschyleus
1152 4229 1235 4293 inest
1255 4249 1276 4293 a
1298 4227 1472 4314 Sophocle,
1503 4234 1540 4293 ut
1561 4229 1625 4294 fert
1645 4227 1837 4300 Plutarchus
1857 4232 1897 4298 do

222 4339 306 4425 proi.
325 4339 358 4403 in
379 4339 450 4404 virt,
476 4339 505 4422 i,
528 4361 559 4424 p.
582 4339 622 4402 78
644 4339 702 4421 Β.,
724 4345 997 4404 commemoratus.

309 4448 382 4534 Age
415 4467 509 4529 vero,
539 4452 657 4532 quanto
685 4449 787 4534 magis
818 4447 859 4512 sb
888 4448 1037 4512 orationis
1058 4447 1251 4528 subtilitate,
1280 4467 1343 4531 qua
1369 4447 1621 4532 Agamemnonis
1649 4447 1899 4546 moderatipuem

224 4557 395 4622 adumbrat
414 4555 612 4642 Aeschylus,
640 4557 785 4623 inflatum
811 4555 889 4622 illud
917 4579 1018 4642 genus
1041 4556 1166 4621 dicendi
1184 4556 1281 4620 distet
1308 4555 1449 4620 moribus
1471 4555 1747 4642 Clytaemestrae
1769 4578 1900 4624 conson-

224 4668 374 4731 tansum!
416 4667 468 4732 De
490 4687 553 4753 quo
579 4666 782 4754 Lessiugium
804 4667 996 4750 audirimus,
1019 4665 1060 4734 ci.
1082 4660 1185 4730 Keok.
1206 4687 1237 4750 p.
1259 4665 1317 4729 34:
1344 4667 1450 4744 „lerze
1472 4671 1545 4730 triu
1567 4669 1812 4754 lilytfimuesrra
1835 4695 1903 4733 zum
