4222 5432
1059 312 1103 392 11

1009 513 1143 578 Praeco.

642 619 715 686 ἀλλ’
736 624 774 686 dv
794 619 891 698 πόλις
912 634 1040 704 στυγεῖ,
1063 622 1103 688 σύ
1125 620 1329 708 τιμήσεις
1350 620 1468 712 stipam

988 732 1160 818 Antigona.

641 839 702 926 ἤδη
723 841 765 905 τά
787 841 878 906 τοῦδ’
898 841 939 907 od
959 842 1282 928 δυστετλμηται
1304 845 1406 918 θεοῖς.
1471 886 1473 894 1

166 1001 168 1020 ,
236 950 328 1032 Alia,
359 970 442 1036 quae
471 969 514 1012 ex
542 949 657 1014 eodem
686 971 805 1037 genere
834 957 934 1035 sunt,‘
955 953 1112 1018 inveneris
1138 953 1172 1017 in
1200 952 1481 1038 disceptationibus
1503 952 1672 1020 Furiarum
1691 954 1912 1042 Apollinisque

234 1061 329 1126 Eum.
357 1062 416 1124 201
449 1082 496 1145 sq.
526 1061 588 1124 226
610 1083 657 1146 sq.
681 1063 743 1125 719
766 1062 806 1126 cf.
829 1064 889 1126 721
914 1069 946 1128 ct
967 1063 1075 1128 multis
1105 1069 1282 1128 ceterarum
1304 1063 1543 1148 tragoediarum
1562 1064 1656 1149 locis,
1685 1073 1911 1153 praeterquam

236 1171 322 1257 quod
343 1172 452 1236 Persis
473 1192 545 1235 cum
567 1191 660 1236 omne
682 1171 803 1238 ironiae
818 1193 921 1258 genus
939 1178 1008 1238 tum
1030 1171 1111 1238 haec
1129 1173 1255 1238 dicendi
1275 1172 1356 1238 ratio
1378 1171 1478 1240 deest.

319 1281 504 1367 Expromsit
535 1282 631 1346 etiarn
662 1301 760 1366 saepe
782 1281 960 1369 Aeschylus
995 1304 1077 1369 quae
1109 1284 1256 1348 dicuntur
1277 1281 1459 1366 ἀντίθετα,
1491 1286 1586 1370 quale
1607 1290 1676 1368 cst,
1707 1293 1743 1350 ut
1762 1285 1909 1352 Orestem

234 1392 351 1456 iterum
373 1391 557 1475 audiamus,
579 1391 673 1472 illud,
698 1411 760 1475 quo
782 1399 917 1458 matrem
938 1395 965 1457 is
987 1394 1157 1480 compellat
1178 1392 1236 1460 (th.
1260 1395 1322 1458 894
1345 1416 1391 1479 sq.

638 1498 743 1590 τούτῳ
765 1505 923 1568 θανοῦσα
946 1503 1167 1588 coracidscd',
1188 1505 1260 1570 ἐπεὶ
1283 1504 1390 1591 φιλεῖς

635 1611 694 1677 τὸν
716 1610 825 1694 ἄνδρα
846 1617 984 1696 τοῦτον,
1006 1618 1045 1678 ὃν
1067 1613 1097 1679 δ’
1118 1615 1215 1701 ἐχρῆν
1236 1615 1346 1704 φιλεῖν
1368 1627 1501 1697 στυγεῖς.

231 1721 293 1802 Ac,
315 1741 356 1785 ne
377 1721 470 1806 plura
491 1722 681 1808 complectar
702 1760 743 1770 —
766 1723 867 1786 omnis
889 1725 973 1790 euim
994 1725 1148 1790 sermonis
1169 1723 1340 1811 Aeschylei
1370 1732 1499 1791 ornabis
1528 1725 1590 1790 alio
1612 1726 1682 1790 loco
1703 1731 1736 1790 et
1757 1725 1799 1788 ad
1820 1725 1908 1790 aliud

229 1831 422 1914 institutum,
452 1831 479 1894 si
506 1831 642 1896 facultas
670 1833 746 1916 erit,
779 1832 990 1918 explicabitur
1012 1872 1066 1916 -‚
1095 1835 1182 1921 riget
1211 1837 1336 1901 omnino
1366 1837 1451 1922 quod
1480 1836 1631 1922 scriptum
1664 1842 1714 1900 est
1743 1834 1775 1899 in
1809 1835 1906 1902 schol.

229 1947 292 2005 vet.
314 1941 365 2004 ad.
392 1941 479 2028 Sept.
502 1943 580 2006 405:
601 1940 717 2026 „rados
740 1941 905 2032 ῥητορικὰς
927 1939 945 2007 c‘
965 1943 1166 2026 Aloxsitogf‘
1735 1934 1741 1945 ⁸

313 2050 450 2117 Habetis
472 2053 666 2137 quaestionis
694 2055 734 2118 de
756 2053 912 2139 Sophocle
942 2059 975 2118 ct
995 2054 1148 2140 Euripide
1169 2058 1351 2143 propositae
1373 2063 1557 2144 προοίμιον.
1601 2056 1654 2121 Ex
1676 2075 1738 2142 quo
1758 2056 1902 2143 intellegi

227 2181 321 2246 posse
335 2161 479 2244 arbitror,
498 2163 568 2246 jam
579 2162 775 2250 Aeschylum
790 2165 896 2250 aliqua
919 2185 961 2229 ex
982 2169 1074 2249 parta
1095 2187 1131 2230 se
1153 2167 1361 2252 applicavisss
1384 2169 1425 2232 od
1447 2173 1548 2232 artem
1569 2166 1769 2248 rhetoricam.
1810 2165 1903 2241 Quod

227 2271 405 2354 eumfacit,
428 2276 555 2336 secutus
577 2278 626 2336 est
647 2275 718 2358 ejus
740 2275 864 2357 aetatis,
888 2295 951 2360 qua
965 2274 1053 2356 vixit,
1077 2276 1201 2342 dicendi
1221 2279 1378 2345 rationem
1399 2284 1432 2344 et
1452 2277 1658 2344 voluntatem.
1702 2278 1902 2363 Quamquam

227 2381 311 2446 enim
332 2383 471 2447 nondum
494 2387 563 2446 erat
583 2381 727 2469 perlecta
749 2390 781 2450 et
802 2385 894 2470 quasi
914 2386 1025 2450 adulta
1045 2387 1404 2471 communicasses
1426 2397 1535 2454 tamen
1556 2389 1628 2473 ejus
1651 2386 1755 2452 studio
1773 2387 1901 2452 luerunt

225 2490 374 2558 Athenae
397 2493 517 2577 etjam
538 2493 592 2558 diu
615 2494 833 2560 excelluerunt
853 2497 886 2560 in
908 2515 964 2578 ea;
996 2501 1033 2560 ut
1053 2495 1133 2561 vixit
1164 2497 1226 2562 illis
1254 2501 1450 2585 temporibus
1482 2499 1623 2564 Pericles
1655 2499 1703 2562 vir
1737 2519 1776 2562 ea
1805 2499 1901 2564 laude

228 2601 418 2668 clarissimus
451 2606 484 2666 et
512 2603 675 2689 Sophilus‚
708 2605 762 2690 qui
793 2599 892 2670 filiurn
924 2627 1019 2670 suurn
1043 2605 1273 2692 Antiphontem
1305 2610 1506 2675 artificiosam
1539 2609 1752 2699 eloqueptiam
1783 2609 1899 2674 docuit.

228 2711 309 2777 (lum
337 2713 434 2800 igitru
453 2712 633 2799 Aeschylus
661 2714 775 2780 civium
802 2737 931 2782 suorum
961 2715 1066 2781 studia
1094 2717 1341 2802 amplecteretur
1369 2725 1402 2784 et
1432 2727 1586 2807 quantum
1611 2721 1734 2786 valeret
1761 2720 1899 2784 oratoria

228 2840 280 2886 ars
301 2824 535 2908 perspexisset,
564 2825 685 2890 sollerti
712 2825 817 2890 animo
839 2827 981 2892 traduxit
1002 2832 1035 2891 et
1064 2821 1217 2892 convertit
1239 2848 1312 2898 eam
1338 2831 1372 2895 in
1393 2832 1574 2918 tragoedias
1597 2830 1839 2912 conformandos
1862 2851 1899 2895 aa

226 2932 460 3018 perpoliendas.
